<record><leader>00000cas a2200000 a 4500</leader><controlfield tag="001">12431348</controlfield><controlfield tag="008">850827d18901891ksuwr ne      0    0eng d</controlfield><datafield ind1=" " ind2=" " tag="010"><subfield code="a">sn 85031908 </subfield></datafield><datafield ind1=" " ind2=" " tag="040"><subfield code="a">KSH</subfield><subfield code="b">eng</subfield><subfield code="c">KSH</subfield><subfield code="d">NPT</subfield><subfield code="d">OCL</subfield><subfield code="d">OCLCQ</subfield></datafield><datafield ind1=" " ind2=" " tag="042"><subfield code="a">msc</subfield></datafield><datafield ind1="0" ind2=" " tag="130"><subfield code="a">Signal (Manhattan, Kan.)</subfield></datafield><datafield ind1="1" ind2="4" tag="245"><subfield code="a">The signal.</subfield></datafield><datafield ind1=" " ind2=" " tag="260"><subfield code="a">Manhattan, Kan. :</subfield><subfield code="b">McDonald Bros.,</subfield><subfield code="c">1890-1891.</subfield></datafield><datafield ind1=" " ind2=" " tag="300"><subfield code="a">2 v. ;</subfield><subfield code="c">60 cm.</subfield></datafield><datafield ind1=" " ind2=" " tag="310"><subfield code="a">Weekly</subfield></datafield><datafield ind1="0" ind2=" " tag="362"><subfield code="a">Vol. 2, no. 55 (Jan. 3, 1890)-v. 3, no. 133 (July 3, 1891).</subfield></datafield><datafield ind1=" " ind2=" " tag="500"><subfield code="a">Published by: McDonald &amp; Atkins, Aug. 1-Oct. 31, 1890; Dudley Atkins, Nov. 7, 1890-Apr. 10, 1891; J.W. McDonald, Apr. 17-July 3, 1891.</subfield></datafield><datafield ind1=" " ind2=" " tag="525"><subfield code="a">Supplements included.</subfield></datafield><datafield ind1=" " ind2=" " tag="752"><subfield code="a">United States</subfield><subfield code="b">Kansas</subfield><subfield code="c">Riley</subfield><subfield code="d">Manhattan.</subfield></datafield><datafield ind1="0" ind2="0" tag="780"><subfield code="t">Saturday signal</subfield><subfield code="w">(DLC)sn 85031907</subfield></datafield><datafield ind1="0" ind2="4" tag="785"><subfield code="t">Manhattan republic (Manhattan, Kan. : 1882)</subfield><subfield code="w">(DLC)sn 85031878</subfield></datafield><datafield ind1="1" ind2=" " tag="029"><subfield code="a">AU@</subfield><subfield code="b">000022164737</subfield></datafield></record>